<record><leader>00000cas a22000007a 4500</leader><controlfield tag="001">12275188</controlfield><controlfield tag="008">850717d19091920mtuwr ne      0    0eng d</controlfield><datafield ind1=" " ind2=" " tag="010"><subfield code="a">sn 85053199 </subfield></datafield><datafield ind1=" " ind2=" " tag="040"><subfield code="a">MTL</subfield><subfield code="b">eng</subfield><subfield code="c">MTL</subfield><subfield code="d">OCLCQ</subfield></datafield><datafield ind1=" " ind2=" " tag="042"><subfield code="a">msc</subfield></datafield><datafield ind1="0" ind2="4" tag="245"><subfield code="a">The Stanford world.</subfield></datafield><datafield ind1=" " ind2=" " tag="260"><subfield code="a">Stanford, Mont. :</subfield><subfield code="b">Stanford Pub. Co.</subfield></datafield><datafield ind1=" " ind2=" " tag="300"><subfield code="a">11 v. :</subfield><subfield code="b">ill. ;</subfield><subfield code="c">56 cm.</subfield></datafield><datafield ind1=" " ind2=" " tag="310"><subfield code="a">Weekly</subfield></datafield><datafield ind1="1" ind2=" " tag="362"><subfield code="a">Began with Feb. 19, 1909; ceased in Nov. 1920.</subfield><subfield code="z">Cf. Gregory, W. Amer. newspapers.</subfield></datafield><datafield ind1=" " ind2=" " tag="500"><subfield code="a">Last issue located: Vol. 11, no. 39 (Nov. 18, 1920).</subfield></datafield><datafield ind1=" " ind2=" " tag="588"><subfield code="a">Description based on: Vol. 1, no. 2 (Feb. 26, 1909).</subfield></datafield><datafield ind1=" " ind2=" " tag="752"><subfield code="a">United States</subfield><subfield code="b">Montana</subfield><subfield code="c">Judith Basin</subfield><subfield code="d">Stanford.</subfield></datafield><datafield ind1="0" ind2="7" tag="785"><subfield code="t">Geyser Judith Basin times</subfield><subfield code="w">(DLC)sn 85053135</subfield></datafield><datafield ind1="0" ind2="7" tag="785"><subfield code="t">Judith Basin County press</subfield><subfield code="w">(DLC)sn 85053195</subfield></datafield></record>